@book{mas1995microeconomic,
  title={Microeconomic theory},
  author={Mas-Colell, Andreu and Whinston, Michael Dennis and Green, Jerry R and others},
  volume={1},
  year={1995},
  publisher={Oxford university press New York}
}
